<?xml version="1.0" encoding="UTF-8"?><collection xmlns="http://www.loc.gov/MARC21/slim"><record><leader>00356nam--2200133-i-4500</leader><controlfield tag="001">000032247</controlfield><controlfield tag="002">20161230</controlfield><controlfield tag="005">20161230201039</controlfield><controlfield tag="008">060222s1000------------r-----000-0-eng-d</controlfield><datafield ind1=" " ind2=" " tag="080"><subfield code="a">530.16:123.1</subfield></datafield><datafield ind1=" " ind2=" " tag="100"><subfield code="a">Mare, Calina</subfield></datafield><datafield ind1=" " ind2=" " tag="245"><subfield code="a">Determinismul si fizica moderna. rolul lui metodologic</subfield></datafield><datafield ind1=" " ind2=" " tag="260"><subfield code="a">Bucuresti, Editura Politica, 1966, 231p</subfield></datafield><datafield ind1=" " ind2=" " tag="852"><subfield code="a">24512</subfield></datafield></record></collection>